@article{luo2020dream,
  title={Dream-experiment: a MR user interface with natural multi-channel interaction for virtual experiments},
  author={Luo, Tianren and Zhang, Mingmin and Pan, Zhigeng and Li, Zheng and Cai, Ning and Miao, Jinda and Chen, Youbin and Xu, Mingxi},
  journal={IEEE Transactions on Visualization and Computer Graphics},
  volume={26},
  number={12},
  pages={3524--3534},
  year={2020},
  publisher={IEEE}
}

@article{hjalmarsson1996dea,
  title={DEA, DFA and SFA: a comparison},
  author={Hjalmarsson, Lennart and Kumbhakar, Subal C and Heshmati, Almas},
  journal={Journal of Productivity Analysis},
  volume={7},
  pages={303--327},
  year={1996},
  publisher={Springer}
}